<?xml version="1.0" encoding="UTF-8"?>
<collection xmlns:xsi="http://www.w3.org/2001/XMLSchema-instance" xsi:schemaLocation="http://www.loc.gov/MARC21/slim http://www.loc.gov/standards/marcxml/schema/MARC21slim.xsd" xmlns="http://www.loc.gov/MARC21/slim">
<record>
  <leader>02191cam a2200385Ki 4500</leader>
  <controlfield tag="001">1854243</controlfield>
  <controlfield tag="003">NNC</controlfield>
  <controlfield tag="005">20151221155957.0</controlfield>
  <controlfield tag="008">880617m19531954ua            000 0 arard</controlfield>
  <datafield tag="019" ind1=" " ind2=" ">
    <subfield code="a">49716284</subfield>
  </datafield>
  <datafield tag="035" ind1=" " ind2=" ">
    <subfield code="a">(OCoLC)ocm18103789</subfield>
  </datafield>
  <datafield tag="035" ind1=" " ind2=" ">
    <subfield code="a">(OCoLC)18103789</subfield>
    <subfield code="z">(OCoLC)49716284</subfield>
  </datafield>
  <datafield tag="035" ind1=" " ind2=" ">
    <subfield code="a">(NNC)1854243</subfield>
  </datafield>
  <datafield tag="040" ind1=" " ind2=" ">
    <subfield code="a">WAU</subfield>
    <subfield code="b">eng</subfield>
    <subfield code="c">WAU</subfield>
    <subfield code="d">CGU</subfield>
    <subfield code="d">OCLCG</subfield>
    <subfield code="d">CUY</subfield>
    <subfield code="d">OCLCQ</subfield>
    <subfield code="d">OCLCA</subfield>
    <subfield code="d">OCLCF</subfield>
    <subfield code="d">OCLCQ</subfield>
    <subfield code="d">OCLCO</subfield>
  </datafield>
  <datafield tag="050" ind1=" " ind2="4">
    <subfield code="a">BP152</subfield>
    <subfield code="b">.S36</subfield>
  </datafield>
  <datafield tag="100" ind1="1" ind2=" ">
    <subfield code="6">880-01</subfield>
    <subfield code="a">Sarakhsī, Muḥammad ibn Aḥmad,</subfield>
    <subfield code="d">active 11th century.</subfield>
  </datafield>
  <datafield tag="245" ind1="1" ind2="0">
    <subfield code="6">880-02</subfield>
    <subfield code="a">Uṣūl al-Sarakhsī /</subfield>
    <subfield code="c">lil-Imām Abī Bakr Muḥammad ibn Aḥmad bin Abī Sahl al-Sarakhsī ; ḥaqqaqa uṣūlahu Abū al-Wafāʼ al-Afghānī.</subfield>
  </datafield>
  <datafield tag="260" ind1=" " ind2=" ">
    <subfield code="a">Ḥaydarābād al-Dakkan :</subfield>
    <subfield code="b">ʻuniyat bi-nashrih Lajnat Iḥyāʼ al-Maʻārif al-Nuʻmānīyah :</subfield>
    <subfield code="b">Cairo :</subfield>
    <subfield code="b">Maṭābiʻ Dār al-Kitāb al-ʻArabī,</subfield>
    <subfield code="c">1953-1954.</subfield>
  </datafield>
  <datafield tag="300" ind1=" " ind2=" ">
    <subfield code="a">2 volumes.</subfield>
  </datafield>
  <datafield tag="336" ind1=" " ind2=" ">
    <subfield code="a">text</subfield>
    <subfield code="b">txt</subfield>
    <subfield code="2">rdacontent</subfield>
  </datafield>
  <datafield tag="337" ind1=" " ind2=" ">
    <subfield code="a">unmediated</subfield>
    <subfield code="b">n</subfield>
    <subfield code="2">rdamedia</subfield>
  </datafield>
  <datafield tag="338" ind1=" " ind2=" ">
    <subfield code="a">volume</subfield>
    <subfield code="b">nc</subfield>
    <subfield code="2">rdacarrier</subfield>
  </datafield>
  <datafield tag="490" ind1="1" ind2=" ">
    <subfield code="a">Lajnat Iḥyāʼ al-Maʻārif al-Nuʻmānīyah. Silsilat al-maṭbūʻāt ;</subfield>
    <subfield code="v">9</subfield>
  </datafield>
  <datafield tag="650" ind1=" " ind2="0">
    <subfield code="a">Islamic law.</subfield>
  </datafield>
  <datafield tag="650" ind1=" " ind2="0">
    <subfield code="a">Hanafites.</subfield>
  </datafield>
  <datafield tag="650" ind1=" " ind2="7">
    <subfield code="a">Hanafites.</subfield>
    <subfield code="2">fast</subfield>
    <subfield code="0">(OCoLC)fst00950818</subfield>
  </datafield>
  <datafield tag="650" ind1=" " ind2="7">
    <subfield code="a">Islamic law.</subfield>
    <subfield code="2">fast</subfield>
    <subfield code="0">(OCoLC)fst00979949</subfield>
  </datafield>
  <datafield tag="700" ind1="0" ind2=" ">
    <subfield code="6">880-03</subfield>
    <subfield code="a">Abū al-Wafāʼ al-Afghānī.</subfield>
  </datafield>
  <datafield tag="776" ind1="0" ind2="8">
    <subfield code="i">Online version:</subfield>
    <subfield code="a">Sarakhsī, Muḥammad ibn Aḥmad, 11th cent.</subfield>
    <subfield code="t">Uṣūl al-Sarakhsī.</subfield>
    <subfield code="d">Ḥaydarābād al-Dakkan : ʻuniyat bi-nashrih Lajnat Iḥyāʼ al-Maʻārif al-Nuʻmānīyah ; Cairo : Maṭābiʻ Dār al-Kitāb al-ʻArabī, 1953-1954</subfield>
    <subfield code="w">(OCoLC)696038201</subfield>
  </datafield>
  <datafield tag="830" ind1=" " ind2="0">
    <subfield code="a">Silsilat al-Maṭbūʻāt (Lajnat Iḥyāʼ al-Maʻārif al-Nuʻmānīyah)</subfield>
  </datafield>
  <datafield tag="880" ind1="1" ind2=" ">
    <subfield code="6">100-01/r</subfield>
    <subfield code="a">سرخسي، محمد بن أحمد,</subfield>
    <subfield code="d">active 11th century.</subfield>
  </datafield>
  <datafield tag="880" ind1="1" ind2="0">
    <subfield code="6">245-02/r</subfield>
    <subfield code="a">أصول السرخسي /</subfield>
    <subfield code="c">لأبي بكر محمد بن أحمد بن أبي سهل السرخسي ؛ حقق أصوله أبو الوفا الأفغاني.</subfield>
  </datafield>
  <datafield tag="880" ind1=" " ind2=" ">
    <subfield code="6">260-00/r</subfield>
    <subfield code="a">القاهرة،</subfield>
    <subfield code="b">مطابع دار الكتاب العربي،</subfield>
    <subfield code="c">1953-1954.</subfield>
  </datafield>
  <datafield tag="880" ind1="0" ind2=" ">
    <subfield code="6">490-00/r</subfield>
    <subfield code="a">سلسلة المطبوعات،</subfield>
    <subfield code="v">9</subfield>
  </datafield>
  <datafield tag="880" ind1="0" ind2=" ">
    <subfield code="6">700-03/r</subfield>
    <subfield code="a">أبو الوفاء الفغاني.</subfield>
  </datafield>
  <datafield tag="955" ind1=" " ind2=" ">
    <subfield code="b">0050605747</subfield>
    <subfield code="d">glx</subfield>
    <subfield code="e">KBL .S37</subfield>
    <subfield code="v">v.1</subfield>
  </datafield>
</record>
</collection>